% Encoding: UTF-8

@Online{Lillehagen2009,
  author  = {Lillehagen, F. and Jorgensen, H.},
  title   = {12 Different Ways to Model Business Processes},
  year    = {2009},
  date    = {2009-03-31},
  url     = {https://activeknowledgemodeling.com/2009/03/31/12-different-ways-to-model-business-processes/},
  urldate = {2019-10-28},
}

@Online{Williamson2018,
  author  = {Williamson, B.},
  title   = {Five requirements management considerations for ERP implementation},
  year    = {2018},
  date    = {2018-03-01},
  url     = {https://www.erpfocus.com/requirements-management-considerations-for-erp-implementation.html},
  urldate = {2019-10-28},
}

@Online{Bdc2019,
  author  = {Bdc},
  title   = {Your ERP system: Should it be custom-built or off-the-shelf?},
  url     = {https://www.bdc.ca/en/articles-tools/technology/invest-technology/pages/custom-vs-off-the-shelf-erp-systems.aspx},
  urldate = {2019-10-28},
}

@Online{Mrpeasy2018,
  author  = {Easy, M. R. P.},
  title   = {Using Agile Methodology for ERP System Implementation},
  year    = {2018},
  date    = {2018-11-27},
  url     = {https://manufacturing-software-blog.mrpeasy.com/erp-system-implementation/},
  urldate = {2019-10-28},
}

@Online{Vollmer2016,
  author  = {Michael Vollmer},
  title   = {Through the Looking Glass: Requirements Management in SAP Solution Manager 7.20, SPS 3},
  year    = {2016},
  date    = {2016-09-09},
  url     = {https://blogs.sap.com/2016/09/09/requirements-management-in-sap-solution-manager-720-sps-3/},
  urldate = {2019-11-15},
}

@Comment{jabref-meta: databaseType:biblatex;}
